%-----------------------
% Report for Quesion 2
%-----------------------
@online{amidi_2017,
  author          = {Afshine Amidi and Shervine Amidi},
  title           = {The evolution of image classification explained},
  year            = {Oct 20, 2017},
  url             = {https://stanford.edu/~shervine/blog/evolution-image-classification-explained},
}

@online{brownlee_2019,
  author          = {Jason Brownlee},
  title           = {A gentle introduction to transfer learning for deep learning},
  year            = {2019},
  url             = {https://machinelearningmastery.com/transfer-learning-for-deep-learning/},
}

@online{deedy5_2023,
  author          = {{deedy5}},
  title           = {{duckduckgo\_search}},
  year            = {2023},
  url             = {https://github.com/deedy5/duckduckgo_search},
}

@online{gross_2016,
  author          = {Sam Gross and Michael Wilber},
  title           = {Training and investigating residual nets},
  year            = {2016},
  url             = {http://torch.ch/blog/2016/02/04/resnets.html},
}

@inproceedings{he_2016,
  author          = {He, Kaiming and Zhang, Xiangyu and Ren, Shaoqing and Sun, Jian},
  title           = {Deep residual learning for image recognition},
  booktitle       = {Proc. IEEE Conf. Comput. Vision Pattern Recogit.},
  year            = {2016},
  pages           = {770-778},
}

@book{howard_2020,
  author          = {Jeremy Howard and Sylvain Gugger},
  title           = {Deep learning for coders with fastai and PyTorch},
  year            = {2020},
  publisher       = {O'Reilly Media},
  location        = {Sebastopol, CA},
}

@online{howard_2022,
  author          = {Jeremy Howard},
  title           = {Is it a bird? Creating a model from your own data},
  year            = {2022},
  url             = {https://www.kaggle.com/code/jhoward/is-it-a-bird-creating-a-model-from-your-own-data},
}

@online{ibm_2020,
  author          = {{IBM}},
  title           = {What are convolutional neural networks?},
  year            = {2020},
  url             = {https://www.ibm.com/topics/convolutional-neural-networks},
}

@online{mathworks_2017,
  author          = {{MathWorks}},
  title           = {What Is a Convolutional Neural Network?},
  year            = {2017},
  url             = {https://au.mathworks.com/discovery/convolutional-neural-network-matlab.html},
}

@online{paperswithcode_2023,
  author          = {{Papers With Code}},
  title           = {{Image classification on ImageNet}},
  year            = {2023},
  url             = {https://paperswithcode.com/sota/image-classification-on-imagenet},
}

@article{ramzan_2019,
  author          = {Farheen Ramzan and Muhammed Usman Ghani Khan and Sajid Iqbal},
  title           = {{A deep learning approach for automated diagnosis and multi-class classification of Alzheimer's disease stages using resting-state fMRI and residual neural networks}},
  journaltitle    = {J. Med. Syst.},
  year            = {2019},
  doi             = {10.1007/s10916-019-1475-2},
}

@article{russakovsky_2015,
  author          = {Olga Russakovsky and Jia Deng and Hao Su and others},
  title           = {{ImageNet large scale visual recognition challenge}},
  journaltitle    = {Int. J. Comput. Vision},
  year            = {2015},
  volume          = {115},
  pages           = {211-252},
  doi             = {10.1007/s11263-015-0816-y},
}

@online{serebryakov_2020,
  author          = {Grigory Serebryakov},
  title           = {{t-SNE for feature visualization}},
  year            = {2020},
  url             = {https://learnopencv.com/t-sne-for-feature-visualization/},
}

@article{springenberg_2014,
  author          = {Jost Tobias Springenberg and Alexey Dosovitskiy and Thomas Brox and Martin Riedmiller},
  title           = {Striving for simplicity: the all convolutional net},
  journal         = {{arXiv preprint arXiv:1412.6806}},
  year            = {2014},
}

@online{stanforduniversity_2023,
  author          = {{Stanford University}},
  title           = {{CS231n course notes: transfer learning}},
  year            = {2023},
  url             = {https://cs231n.github.io/transfer-learning/},
}

@online{stanfordvisionlab_2020,
  author          = {{Stanford Vision Lab}},
  title           = {{ImageNet}},
  year            = {2020},
  url             = {https://www.image-net.org/},
}

@inproceedings{sunkara_2023,
  author          = {Raja Sunkara and Tie Luo},
  title           = {No more strided convolutions or pooling: a new cnn building block for low-resolution images and small objects},
  booktitle       = {Machine Learning and Knowledge Discovery in Databases},
  year            = {2023},
  editor          = {Massih-Reza Amini and St{\'e}phane Canu and Asja Fischer and Tias Guns and Petra Kralj Novak and Grigorios Tsoumakas},
  publisher       = {Springer Nature Switzerland},
  address         = {Cham},
  pages           = {443-459},
  isbn            = {978-3-031-26409-2},
}

@online{torchcontributors_nd,
  author          = {{Torch Contributors}},
  title           = {resnet18},
  year            = {},
  url             = {https://pytorch.org/vision/main/models/generated/torchvision.models.resnet18.html},
}

%-----------------------
% Report for Quesion 3
%-----------------------
@inproceedings{amerini_2019,
  author          = {Irene Amerini and Leonardo Galteri and Roberto Caldelli and others},
  booktitle       = {2019 IEEE/CVF Int. Conf. Comput. Vision Workshop (ICCVW)},
  title           = {Deepfake video detection through optical flow based cnn},
  year            = {2019},
  pages           = {1205-1207},
  doi             = {10.1109/ICCVW.2019.00152},
}

@article{bird_2023,
  author          = {Jordan J. Bird and Ahmad Lotfi},
  title           = {CIFAKE: Image Classification and Explainable Identification of AI-Generated Synthetic Images},
  year            = {2023},
  archivePrefix   = {arXiv},
  eprint          = {2303.14126},
  primaryClass    = {cs.CV},
}

@online{bird_2023b,
  author          = {Jordan J. Bird},
  title           = {{CIFAKE: real and AI-generated synthetic images}},
  year            = {2023},
  url             = {https://www.kaggle.com/datasets/birdy654/cifake-real-and-ai-generated-synthetic-images},
}

@article{corvi_2022,
  author          = {Riccardo Corvi and Davide Cozzolino and Giada Zingarini and Giovanni Poggi and Koki Nagano and Luisa Verdoliva},
  title           = {On the detection of synthetic images generated by diffusion models},
  year            = {2022},
  archivePrefix   = {arXiv},
  eprint          = {2211.00680},
  primaryClass    = {cs.CV},
}

@article{dosovitskiy_2021,
  author          = {Alexey Dosovitskiy and Lucas Beyer and Alexander Kolesnikov and others},
  title           = {An Image is Worth 16x16 Words: Transformers for Image Recognition at Scale},
  year            = {2021},
  archivePrefix   = {arXiv},
  eprint          = {2010.11929},
  primaryClass    = {cs.CV},
}

@misc{elec4630_2023,
  author          = {{ELEC4630 Course Staff}},
  title           = {Assignment 3},
  year            = {2023},
  type            = {PDF document},
}

@article{guarnera_2023,
  author          = {L. Guanera and O. Giudice and S. Battiato},
  title           = {Level up the deepfake detection: a method to effectively discriminate images generated by GAN architectures and diffusion models},
  journal         = {arXiv preprint arXiv:2303.00608},
  year            = {2023},
}

@inproceedings{guera_2018,
  author          = {David Guera and Edward J. Delp},
  booktitle       = {2018 15th IEEE Int. Conf. Adv. Video Signal Based Surveillance (AVSS)},
  title           = {Deepfake video detection using recurrent neural networks},
  year            = {2018},
  pages           = {1-6},
  doi             = {10.1109/AVSS.2018.8639163},
}

@article{khoo_2021,
  author          = {B. Khoo and R. C.-W. Phan and C.-H. Lim},
  title           = {Deepfake attribution: on the source identification of artificially generated images},
  journaltitle    = {WIREs Data Mining and Knowledge Discovery},
  year            = {2021},
  volume          = {12},
  number          = {3},
  doi             = {10.1002/widm.1438},
}

@article{krizhevsky_2009,
  author          = {Krizhevsky, Alex and Hinton, Geoffrey and others},
  title           = {Learning multiple layers of features from tiny images},
  year            = {2009},
  publisher       = {Toronto, ON, Canada},
}

@inproceedings{ramesh_2021,
  author          = {A. Ramesh and M. Pavlov and G. Goh and others},
  booktitle       = {Int. Conf. Mach. Learn.},
  title           = {Zero-shot text-to-image generation},
  year            = {2021},
  pages           = {8821-8831},
  archivePrefix   = {PMLR},
}

@inproceedings{rombach_2022,
  author          = {R. Rombach and A. Blattmann and D. Lorenz and P. Esser and B. Ommer},
  booktitle       = {Proc. IEEE/CVF Conf. Comput. Vision Pattern Recognit.},
  title           = {High-resolution image synthesis with latent diffusion models},
  year            = {2022},
  pages           = {10684-10695},
}

@article{saharia_2022,
  author          = {C. Saharia and W. Chan and S. Saxena and others},
  title           = {Photorealistic text-to-image diffusion models with deep language understanding},
  journal         = {{arXiv preprint arXiv:2205.11487}},
  year            = {2022},
}

@article{saikia_2022,
  author          = {Pallabi Saikia and Dhwani Dholaria and Priyanka Yadav and Vaidehi Patel and Mohendra Roy},
  title           = {A Hybrid CNN-LSTM model for Video Deepfake Detection by Leveraging Optical Flow Features},
  year            = {2022},
  archivePrefix   = {arXiv},
  eprint          = {2208.00788},
  primaryClass    = {cs.CV},
}

@article{sha_2023,
  author          = {Zeyang Sha and Zheng Li and Ning Yu and Yang Zhang},
  title           = {DE-FAKE: detection and attribution of fake images generated by text-to-image generation models},
  year            = {2023},
  archivePrefix   = {arXiv},
  eprint          = {2210.06998},
  primaryClass    = {cs.CR},
}

@online{torchcontributors_visiontransformer,
  author          = {{Torch Contributors}},
  title           = {Visiontransformer},
  year            = {},
  url             = {https://pytorch.org/vision/stable/models/vision_transformer.html},
}

@article{wang_2022,
  author          = {Junke Wang and Zuxuan Wu and Wenhao Ouyang and Xintong Han and Jingjing Chen and Ser-Nam Lim and Yu-Gang Jiang},
  title           = {M2TR: Multi-modal Multi-scale Transformers for Deepfake Detection},
  year            = {2022},
  archivePrefix   = {arXiv},
  eprint          = {2104.09770},
  primaryClass    = {cs.CV},
}
