@online{toyodenki_nd,
  author          = {{ToyoDenki}},
  year            = {n.d.},
  title           = {Pantograph},
  url             = {https://www.toyodenki.co.jp/en/products/transport/train/panto.php},
}

@online{opencv_tm,
  author          = {{OpenCV}},
  year            = {2023},
  title           = {Template Matching},
  url             = {https://docs.opencv.org/4.x/d4/dc6/tutorial_py_template_matching.html},
}

@online{mathworks_normxcorr2,
  author          = {{MathWorks}},
  year            = {2023},
  title           = {Normalized 2-D cross-correlation},
  url             = {https://www.mathworks.com/help/images/ref/normxcorr2.html},
}

@online{psi_2016,
  author          = {{Planetary Science Institute}},
  year            = {2016},
  title           = {Normalized Cross-Correlation},
  url             = {https://web.psi.edu/spc_wiki/Normalized%20Cross-Correlation},
}

@online{opencv_hlt,
  author          = {{OpenCV}},
  year            = {2023},
  title           = {Hough Line Transform},
  url             = {https://docs.opencv.org/4.x/d6/d10/tutorial_py_houghlines.html},
}

@misc{korting_2016,
  author          = {Thales Sehn Korting},
  year            = {2016},
  title           = {How Hough Transform Works},
  type            = {YouTube Video},
  url             = {https://www.youtube.com/watch?v=4zHbI-fFIlI},
}

@online{opencv_fm,
  author          = {{OpenCV}},
  year            = {2016},
  title           = {Feature Matching},
  url             = {https://docs.opencv.org/4.x/dc/dc3/tutorial_py_matcher.html},
}