@article{bamford_1998,
  author          = {Pascal Bamford and Brian Lovell},
  title           = {Unsupervised cell nucleus segmentation with active contours},
  journaltitle    = {Signal Process.},
  year            = {1998},
  volume          = {71},
  number          = {2},
  month           = {Dec.},
  pages           = {203-213},
  doi             = {10.1016/S0165-1684(98)00145-5},
}

@thesis{bamford_1999,
  author          = {Pascal Bamford},
  title           = {Segmentation of Cell Images with Application to Cervical Cancer Screening},
  type            = {PhD thesis},
  institution     = {The University of Queensland},
  year            = {1999},
}

@book{biswas_2007,
  author          = {Sambhunath Biswas and Brian C. Lovell},
  title           = {Bezier and Splines in Image Processing and Machine Vision},
  year            = {2007},
  publisher       = {Springer},
  location        = {London, UK},
  pages           = {187-233},
}

@article{dinesh_2013,
  author          = {Dinesh D. Patil and Sonal G. Deore},
  title           = {Medical Image Segmentation: A Review},
  journaltitle    = {J. Comput. Sci. and Inf. Technol.},
  year            = {2013},
  volume          = {2},
  number          = {1},
  month           = {Jan.},
  pages           = {22-27},
  doi             = {},
}

@misc{elec4630_2023,
  author          = {{ELEC4630 Course Staff}},
  title           = {Assignment 2},
  year            = {2023},
  type            = {PDF document},
}

@article{gunnal_2015,
  author          = {S. A. Gunnal and R. N. Wabale and M. S. Farooqui},
  title           = {Morphological Study of Chordae Tendinae in Human Cadaveric Hearts},
  journaltitle    = {Heart Views},
  year            = {2015},
  volume          = {16},
  number          = {1},
  month           = {Mar.},
  pages           = {1-12},
  doi             = {10.4103/1995-705X.152994},
}

@article{kass_1988,
  author          = {Michael Kass and Andrew Witkin and Demetri Terzopoulos},
  title           = {Snakes: Active Contour Models},
  journaltitle    = {Int. J. Comput. Vision},
  year            = {1988},
  volume          = {1},
  number          = {},
  month           = {},
  pages           = {321-331},
  doi             = {},
}

@misc{lovell_2023,
  author          = {Brian C. Lovell and Ben Appleton},
  title           = {Discrete Energy Minimization},
  year            = {2023},
  type            = {PowerPoint slides},
}

@online{opencv_2023a,
  author          = {{OpenCV}},
  year            = {2023},
  title           = {Structural Analysis and Shape Descriptors},
  url             = {https://docs.opencv.org/4.x/d3/dc0/group__imgproc__shape.html},
}

@online{opencv_2023b,
  author          = {{OpenCV}},
  year            = {2023},
  title           = {Contour Properties},
  url             = {https://docs.opencv.org/4.x/d1/d32/tutorial_py_contour_properties.html},
}

@article{sethian_1996,
  author          = {J. A. Sethian},
  title           = {A fast marching level set method for monotonically advancing fronts},
  journaltitle    = {Proc. Nat. Academy Sci. U.S.A.},
  year            = {1996},
  volume          = {93},
  number          = {4},
  month           = {Feb.},
  pages           = {1591-1595},
  doi             = {10.1073/pnas.93.4.1591},
}

@article{suzuki_1985,
  author          = {Satoshi Suzuki and Keiichi Abe},
  title           = {Topological structural analysis of digitized binary images by border following},
  journaltitle    = {Computer Vision, Graphics, and Image Processing},
  year            = {1985},
  volume          = {30},
  number          = {1},
  pages           = {32-46},
  doi             = {10.1016/0734-189X(85)90016-7},
}